<record><leader>00000cas a22000007a 4500</leader><controlfield tag="001">20880987</controlfield><controlfield tag="008">900112d19241981mouwr ne      0    0eng d</controlfield><controlfield tag="009">9538</controlfield><datafield ind1=" " ind2=" " tag="010"><subfield code="a">sn 90061051 </subfield></datafield><datafield ind1=" " ind2=" " tag="040"><subfield code="a">MQN</subfield><subfield code="b">eng</subfield><subfield code="c">MQN</subfield><subfield code="d">OCLCQ</subfield><subfield code="d">DLC</subfield></datafield><datafield ind1="0" ind2=" " tag="130"><subfield code="a">Jasper County news (Jasper, Mo.)</subfield></datafield><datafield ind1="1" ind2="4" tag="245"><subfield code="a">The Jasper County news.</subfield></datafield><datafield ind1=" " ind2=" " tag="260"><subfield code="a">Jasper, Mo. :</subfield><subfield code="b">Carl S. Kennedy,</subfield><subfield code="c">1924-1981.</subfield></datafield><datafield ind1=" " ind2=" " tag="300"><subfield code="a">v.</subfield></datafield><datafield ind1=" " ind2=" " tag="310"><subfield code="a">Weekly</subfield></datafield><datafield ind1="0" ind2=" " tag="362"><subfield code="a">27th year, no. 16 (Dec. 4, 1924)-v. 93, no. 32 (Oct. 15, 1981).</subfield></datafield><datafield ind1=" " ind2=" " tag="515"><subfield code="a">Numbering changed from years to vols. with issue for Dec. 13, 1962.</subfield></datafield><datafield ind1=" " ind2="4" tag="651"><subfield code="a">Jasper County (Mo.)</subfield><subfield code="v">Newspapers.</subfield></datafield><datafield ind1=" " ind2=" " tag="752"><subfield code="a">United States</subfield><subfield code="b">Missouri</subfield><subfield code="c">Jasper</subfield><subfield code="d">Jasper.</subfield></datafield><datafield ind1="0" ind2="0" tag="780"><subfield code="t">Jasper news (Jasper, Mo.)</subfield><subfield code="x">2151-5336</subfield><subfield code="w">(DLC)sn 90061052</subfield><subfield code="w">(OCoLC)20880994</subfield></datafield></record>